@book{ElonMuskBiography,
	author = {Ashlee Vance},
    title = {Elon Musk: Tesla, SpaceX, and the Quest for a Fantastic Future},
    year = 2015
}

@online{SpaceXThirdLanding,
	author = {Eric Berger},
    title =  {SpaceX launches and lands third rocket in a row},
    url = {http://arstechnica.com/science/2016/05/watch-live-spacex-takes-another-crack-at-launching-landing-today/},
    date = {2016-05-27}
}

@online{SpaceXFirstISS,
	author = {Dave Klinger},
    title = {SpaceX Dragon berths with International Space Station},
    url = {http://arstechnica.com/science/2012/05/spacex-dragon-berths-with-international-space-station/},
    date = {2012-05-25}
}

@online{ElonMuskMars2020,
	author = {Eric Berger},
    title = {Elon Musk to unveil Mars plans this year, wants to go to space by 2020},
    url = {http://arstechnica.com/science/2016/01/elon-musk-to-unveil-mars-plans-this-year-wants-to-go-to-space-by-2020/},
    date = {2016-01-28}
}

@misc{Tesla2016Q1Update,
	title = {Tesla First Quarter 2016 Update},
    author = {{Tesla Motors}},
    howpublished = {\url{http://bit.ly/1UuhCQa}},
    date = {2016-05-04}
}

@misc{Tesla2015FullYearUpdate,
	title = {Tesla Fourth Quarter \& Full Year 2015 Update},
    author = {{Tesla Motors}},
    howpublished = {\url{http://bit.ly/1UsqKlZ}},
    date = {2016-02-10}
}

@online{SpotifyChiffres2015,
	title = {Spotify's revenue hits €2bn, but when will it make money?},
    author = {James Titcomb},
    url = {http://www.telegraph.co.uk/technology/2016/05/24/spotifys-revenue-hits-2bn-but-when-will-it-make-money/},
    date = {2016-05-24}
}

@misc{IFPI2000Report,
	title = {IFPI Recording Industry World Sales 2000},
    author = {{IFPI}},
    howpublished = {\url{http://www.ifpi.org/content/library/worldsales2000.pdf}},
	year = 2001
}

@misc{IFPI2008Report,
	title = {IFPI Recording Music Sales 2008},
    author = {{IFPI}},
    howpublished = {\url{http://www.ifpi.org/content/library/Recorded-Music-Sales-2008.pdf}},
	year = 2009
}

@misc{IFPI2011Report,
	title = {IFPI Digital Music Report 2011},
    author = {{IFPI}},
    howpublished = {\url{http://www.ifpi.org/content/library/DMR2011.pdf}},
	year = 2011
}

@misc{IFPIDRM2010,
	title = {IFPI Digital Music Report 2010},
    author = {{IFPI}},
    howpublished ={\url{http://www.ifpi.org/content/library/DMR2010.pdf}},
    year = 2010
}

@online{SpotifyBloomberg,
	title = {Daniel Ek’s Spotify: Music’s Last Best Hope},
    author = {Brendan Greeley},
    url = {http://www.bloomberg.com/news/articles/2011-07-13/daniel-ek-s-spotify-music-s-last-best-hope},
    date = {2011-07-14}
}

@online{SpotifyNewYorker,
	title = {Is Spotify the music's industry friend or its foe?},
    author = {John Seabrook},
    url = {http://www.newyorker.com/magazine/2014/11/24/revenue-streams},
    date = {2014-11-24}
}

@online{LabelsOwnSpotify,
	title = {Documents reveal major labels own part of Spotify},
    author = {Marcus Jerräng},
    url = {http://computersweden.idg.se/2.2683/1.240046/documents-reveal-major-labels-own-part-of-spotify},
    date = {2009-08-07}
}

@online{NetflixOrigins,
	title = {Out of Africa, Onto the Web},
    author = {Amy Zipkin},
    url = {http://www.nytimes.com/2006/12/17/jobs/17boss.html},
    date = {2006-12-17}
}

@online{HastingsInternetTV,
	title = {Movie Man},
    author = {Jason Riley},
    url = {http://www.wsj.com/articles/SB120251714532955425},
    date = {2008-02-09}
}

@online{NetflixCultureBook,
	title = {Netflix Culture Book},
    author = {Reed Hastings},
    url = {http://slideshare.net/reed2001/culture-1798664},
    date = {2009-08-01}
}

@online{NetflixReinventedHR,
	title = {How Netflix Reinvented HR},
    author = {Patty McCord},
    url = {https://hbr.org/2014/01/how-netflix-reinvented-hr},
    date = {2014-01-01}
}

@online{SpotifyEngineeringCulturePart1,
	title = {Spotify engineering culture (part 1)},
    author = {Henrik Kniberg},
    url = {https://labs.spotify.com/2014/03/27/spotify-engineering-culture-part-1/},
    date = {2014-02-27}
}

@online{SpotifyEngineeringCulturePart2,
	title = {Spotify engineering culture (part 2)},
    author = {Henrik Kniberg},
    url = {https://labs.spotify.com/2014/09/20/spotify-engineering-culture-part-2/},
    date = {2014-09-20}
}

@online{MuskAmbitionReusableFalcon9,
	title = {Musk ambition: SpaceX aim for fully reusable Falcon 9},
    author = {Chris Bergin},
    url = {http://www.nasaspaceflight.com/2009/01/musk-ambition-spacex-aim-for-fully-reusable-falcon-9/},
    date = {2009-01-12}
}

@online{DragonFirstISSMission,
	title = {Mission Summary: Dragon Becomes First Private Spacecraft to Visit the Space Station},
    author = {{Space Exploration Technologies}},
	url = {http://www.spacex.com/news/2013/02/08/mission-summary},
    date = {2012-06-01}
}

@online{SpaceXReusable30Percent,
	title = {SpaceX says reusable stage could cut prices 30 percent, plans November Falcon Heavy debut},
    author = {Peter B. de Selding},
	url = {http://spacenews.com/spacex-says-reusable-stage-could-cut-prices-by-30-plans-first-falcon-heavy-in-november/},
    date = {2016-03-10}
}

@online{TeslaSecretMasterPlan,
	title = {The Secret Tesla Motors Master Plan (just between you and me)},
    author = {Elon Musk},
    url = {https://www.teslamotors.com/blog/secret-tesla-motors-master-plan-just-between-you-and-me},
    date = {2006-08-02}
}

@online{LotusPosition,
	title = {Lotus Position},
    author = {Martin Eberhard},
    url = {https://www.teslamotors.com/blog/lotus-position},
    date = {2006-07-25}
}

@online{ModelSLuxuryCarEurope,
	title = {Tesla Model S, The Biggest Selling Luxury Car In Europe},
    author = {Neil Winton},
    url = {http://www.forbes.com/sites/neilwinton/2016/04/06/tesla-model-s-the-biggest-selling-luxury-car-in-europe/},
    date = {2016-04-06}
}

@online{ModelSNCAP,
	title = {Model S Achieves Euro NCAP 5-Star Safety Rating},
    author = {{Tesla Motors}},
    url = {https://www.teslamotors.com/fr_FR/blog/model-s-achieves-euro-ncap-5star-safety-rating},
    date = {2014-11-05}
}

@online{ModelSPartialRecall,
	title = {Partial Recall},
    author = {Elon Musk},
    url = {https://www.teslamotors.com/blog/partial-recall},
    date = {2013-06-19}
}

@online{ModelSTitaniumShield,
	title = {Tesla Adds Titanium Underbody Shield and Aluminum Deflector Plates to Model S},
    author = {Elon Musk},
    url = {https://www.teslamotors.com/blog/tesla-adds-titanium-underbody-shield-and-aluminum-deflector-plates-model-s},
    date = {2014-03-28}
}

@online{ModelSFire,
	title = {Model S Fire},
	author = {Elon Musk},
    url = {https://www.teslamotors.com/blog/model-s-fire},
    date = {2013-10-04}
}

@online{ModelSAccident,
	title = {Still a complet family, thanks to our Tesla!},
    author = {Michelle Scott},
    url = {https://www.teslamotors.com/customer-stories/still-complete-family-thanks-our-tesla/},
    date = {2016-05-04}
}

@online{BBC_DVD,
	title = {Demand fo DVDs rockets},
    author = {Emma Clark},
    url = {http://news.bbc.co.uk/2/hi/business/1697538.stm},
    date = {2001-12-10}
}

@online{Spotify20Million,
	title = {20 Million Reasons to Say Thanks},
    author = {{Spotify}},
    url = {https://news.spotify.com/us/2015/06/10/20-million-reasons-to-say-thanks/},
    date = {2015-06-10}
}

@online{Spotify30Million,
	title = {Spotify hits 30 million subscribers},
    author = {Micah Singleton},
    url = {http://www.theverge.com/2016/3/21/11220398/spotify-hits-30-million-subscribers},
    date = {2016-03-21}
}

@online{AppleMusic15Million,
	title = {Apple Redesigns Music Streaming App, Has 15 Million Paid Subs},
    author = {Alex Webb},
    url = {http://www.bloomberg.com/news/articles/2016-06-13/apple-redesigns-music-streaming-app-has-15-million-paid-subs},
    date = {2016-06-13}
}

@online{NetflixHistory,
	title = {Netflix, Inc. History},
    author = {{Funding Universe}},
    url = {http://www.fundinguniverse.com/company-histories/netflix-inc-history/}
}

@online{SpotifyPSMusic,
	title = {Spotify on PlayStation™ Music is now available!},
    author = {{Spotify}},
    url = {https://news.spotify.com/us/2015/03/30/spotify-on-playstation-music-is-now-available/},
    date = {2015-03-30}
}

@online{NetflixDVDBloomberg,
	title = {Netflix and DVDs, Still Together},
    author = {Justin Fox},
    url = {https://www.bloomberg.com/view/articles/2015-01-21/netflix-and-dvds-still-together},
    date = {2015-01-21}
}

@online{WorkingAtNetflix,
	title = {Working at Netflix},
    author = {Brendan Gregg},
    url = {http://www.brendangregg.com/blog/2015-01-20/working-at-netflix.html},
    date = {2015-01-20}
}

@online{MuskTeslaCEO,
	title = {Ze'ev Drori out, Elon Musk in as Tesla CEO},
    author = {Owen Thomas},
	url = {http://gawker.com/5063557/zeev-drori-out-elon-musk-in-as-tesla-ceo},
    date = {2008-10-15}
}

@online{TeslaFactoryPart2,
	title = {How Tesla Builds Electric Cars},
    author = {{WIRED}},
	url = {https://www.youtube.com/watch?v=TEReFPI4jSc},
    date = {2013-07-30}
}

@book{BlueOceanStrategy,
	author = {W. Chan Kim and
    Renée Mauborgne},
    title = {Blue Ocean Strategy},
    year = 2005
}

@online{Ariane5Cost,
	title = {Arianespace aims high in Asia-Pacific},
    author = {Greg Waldron},
	url = {https://www.flightglobal.com/news/articles/arianespace-aims-high-in-asia-pacific-425928/},
    date = {2016-06-01}
}

@online{FalconCost,
	title = {Capabilites \& Services},
    author = {{Space Exploration Technologies}},
    url = {http://www.spacex.com/about/capabilities}
}

@online{FalconHeavyFirstLaunch,
	title = {Clear November in your diary: SpaceX teases first Falcon Heavy liftoff},
    author = {Ian Thomson},
	url = {http://www.theregister.co.uk/2016/03/11/spacex_first_falcon_heavy_liftoff/},
    date = {2016-03-11}
}

@online{Ariane6Debuts,
	title = {Ariane 6 project 'in good shape'},
    author = {Jonathan Amos},
    url = {http://www.bbc.com/news/science-environment-35983735},
    date = {2016-04-07}
}

@online{Ariane6Cost,
	title = {Ariane 6, un chantier européen pour rester dans la course spatiale},
    author =  {Dominique Gallois},
    url = {http://www.lemonde.fr/economie/article/2014/12/01/les-europeens-s-appretent-a-mettre-ariane-6-en-chantier_4532259_3234.html},
    date = {2014-12-01}
}

@online{Model3Unveil,
	title = {Tesla Unveils Model 3},
    author = {{Tesla Motors}},
    url = {https://www.youtube.com/watch?v=Q4VGQPk2Dl8},
    date = {2016-03-31}
}

@online{TeslaTilburgFactory,
	title = {Tesla Motors Opens Assembly Plant in Tilburg, Netherlands},
    author = {{Tesla Motors}},
    url = {https://www.teslamotors.com/blog/tesla-motors-opens-assembly-plant-tilburg-netherlands},
    date = {2013-08-27}
}

@online{Gigafactory,
	title = {Tesla Gigafactory},
    author = {{Tesla Motors}},
    url = {https://www.teslamotors.com/en_EU/gigafactory}
}

@online{TeslaLoses,
	title = {Tesla burns cash, loses more than \$4,000 on every car sold},
    author = {Joseph White},
    url = {http://www.reuters.com/article/us-teslamotors-cash-insight-idUSKCN0QE0DC20150810},
    date = {2015-10-10}
}

@online{HoCAwards,
	title = {House of Cards - Awards},
	url = {http://www.imdb.com/title/tt1856010/awards}
}

@online{OitNBAwards,
	title = {Orange Is The New Black - Awards},
	url = {http://www.imdb.com/title/tt2372162/awards}
}

@online{NarcosAwards,
	title = {Narcos - Awards},
	url = {http://www.imdb.com/title/tt2707408/awards}
}

@online{NetflixAlgorithm,
	title = {The Science Behind the Netflix Algorithm That Decides What You’ll Watch Next},
    author = {Tom Vanderbilt},
    url = {http://www.wired.com/2013/08/qq_netflix-algorithm/},
    date = {2013-08-07}
}

@online{NetflixEurope,
	title = {Netflix launches UK film and TV streaming service},
    url = {http://www.bbc.com/news/technology-16467432},
    date = {2012-03-08}
}

@online{NetflixAvailableWorld,
	title = {Netflix Is Now Available Around the World},
    author = {{Netflix}},
    url = {https://media.netflix.com/en/press-releases/netflix-is-now-available-around-the-world},
    date = {2016-01-06}
}

@online{NetflixNumerama,
	title = {Netflix, un géant seul au monde},
    author = {Julien Cadot},
    url = {http://www.numerama.com/pop-culture/162823-netflix-un-geant-seul-au-monde.html},
    date = {2016-04-13}
}

@online{ZapposForbes,
	title = {Whaat Is Happenong At Zappos},
    author = {Dan Pontefract},
	url = {http://www.forbes.com/sites/danpontefract/2015/05/11/what-is-happening-at-zappos/},
    date = {2015-05-11}
}